@article{achen1989,
  title={Rational deterrence theory and comparative case studies},
  author={Achen, Christopher H and Snidal, Duncan},
  journal={World politics},
  volume={41},
  number={2},
  pages={143--169},
  year={1989},
  publisher={Cambridge University Press}
}

@article{biddle2001,
  title={Rebuilding the Foundations of Offense-Defense Theory},
  author={Biddle, Stephen},
  journal={Journal of Politics},
  volume={63},
  number={3},
  pages={741--774},
  year={2001},
  publisher={Wiley Online Library}
}

@article{braumoeller2008,
  title={Systemic politics and the origins of great power conflict},
  author={Braumoeller, Bear F},
  journal={American Political Science Review},
  volume={102},
  number={1},
  pages={77--93},
  year={2008},
  publisher={Cambridge University Press}
}

@book{braumoeller2013,
  title={The great powers and the international system: systemic theory in empirical perspective},
  author={Braumoeller, Bear F},
  year={2013},
  publisher={Cambridge University Press}
}

@unpublished{coe2017,
  title={The Tragedy of Arming},
  author={Coe, Andrew J and Vaynman, Jane},
  year={2017},
  note={Working paper}
}

@article{copeland2000,
  title={The constructivist challenge to structural realism: A review essay},
  author={Copeland, Dale C},
  journal={International Security},
  volume={25},
  number={2},
  pages={187--212},
  year={2000},
  publisher={MIT Press}
}


@article{downs1985,
  title={Arms races and cooperation},
  author={Downs, George W and Rocke, David M and Siverson, Randolph M},
  journal={World Politics},
  volume={38},
  number={1},
  pages={118--146},
  year={1985},
  publisher={Cambridge University Press}
}

@article{fearon1995,
  title={Rationalist explanations for war},
  author={Fearon, James D},
  journal={International organization},
  volume={49},
  number={3},
  pages={379--414},
  year={1995},
  publisher={Cambridge University Press}
}

@article{fearon2018,
  title={Cooperation, conflict, and the costs of anarchy},
  author={Fearon, James D},
  journal={International organization},
  volume={72},
  number={3},
  year={2018},
  publisher={Cambridge University Press}
}

@article{glaser1997,
  title={The security dilemma revisited},
  author={Glaser, Charles L},
  journal={World politics},
  volume={50},
  number={1},
  pages={171--201},
  year={1997},
  publisher={Cambridge University Press}
}

@article{glaser1998,
  title={What is the offense-defense balance and how can we measure it?},
  author={Glaser, Charles L and Kaufmann, Chairn},
  journal={International security},
  volume={22},
  number={4},
  pages={44--82},
  year={1998},
  publisher={MIT Press}
}

@article{huth1993,
  title={General deterrence between enduring rivals: Testing three competing models},
  author={Huth, Paul and Russett, Bruce},
  journal={American Political Science Review},
  volume={87},
  number={1},
  pages={61--73},
  year={1993},
  publisher={Cambridge University Press}
}

@article{jervis1978,
  title={Cooperation under the security dilemma},
  author={Jervis, Robert},
  journal={World politics},
  volume={30},
  number={2},
  pages={167--214},
  year={1978},
  publisher={Cambridge University Press}
}

@book{jervis1989,
  title={The meaning of the nuclear revolution: Statecraft and the prospect of Armageddon},
  author={Jervis, Robert},
  year={1989},
  publisher={Cornell University Press}
}

@book{kertzer2016,
  title={Resolve in international politics},
  author={Kertzer, Joshua D},
  year={2016},
  publisher={Princeton University Press}
}

@book{kydd2007trust,
  title={Trust and mistrust in international relations},
  author={Kydd, Andrew H},
  year={2007},
  publisher={Princeton University Press}
}

@article{levy1984,
  title={The offensive/defensive balance of military technology: A theoretical and historical analysis},
  author={Levy, Jack S},
  journal={International studies quarterly},
  volume={28},
  number={2},
  pages={219--238},
  year={1984},
  publisher={Blackwell Publishing Ltd Oxford, UK}
}

@book{milner2015sailing,
  title={Sailing the Water's Edge: The Domestic Politics of American Foreign Policy},
  author={Milner, Helen V and Tingley, Dustin},
  year={2015},
  publisher={Princeton University Press}
}

@book{organski1981,
  title={The war ledger},
  author={Organski, Abramo FK and Kugler, Jacek},
  year={1981},
  publisher={University of Chicago Press}
}

@article{poast2019beyond,
  title={Beyond the “Sinew of War”: The Political Economy of Security as a Subfield},
  author={Poast, Paul},
  journal={Annual Review of Political Science},
  year={2019},
  publisher={Annual Reviews}
}

@article{powell1993,
  title={Guns, butter, and anarchy},
  author={Powell, Robert},
  journal={American Political Science Review},
  volume={87},
  number={1},
  pages={115--132},
  year={1993},
  publisher={Cambridge University Press}
}

@book{powell1999,
  title={In the shadow of power: States and strategies in international politics},
  author={Powell, Robert},
  year={1999},
  publisher={Princeton University Press}
}

@book{schelling2008,
  title={Arms and influence: With a new preface and afterword},
  author={Schelling, Thomas C},
  year={2008},
  publisher={Yale University Press}
}

@article{schultz2001looking,
  title={Looking for audience costs},
  author={Schultz, Kenneth A},
  journal={Journal of Conflict Resolution},
  volume={45},
  number={1},
  pages={32--60},
  year={2001},
  publisher={Sage Publications, Inc. 2455 Teller Road, Thousand Oaks, CA 91320}
}

@article{schweller1994,
  title={Bandwagoning for profit: Bringing the revisionist state back in},
  author={Schweller, Randall L},
  journal={International Security},
  volume={19},
  number={1},
  pages={72--107},
  year={1994},
  publisher={JSTOR}
}

@article{schweller2004,
  title={Unanswered threats: A neoclassical realist theory of underbalancing},
  author={Schweller, Randall L},
  journal={International security},
  volume={29},
  number={2},
  pages={159--201},
  year={2004},
  publisher={MIT Press}
}

@article{snyder2011cost,
  title={The cost of empty threats: A penny, not a pound},
  author={Snyder, Jack and Borghard, Erica D},
  journal={American Political Science Review},
  volume={105},
  number={3},
  pages={437--456},
  year={2011},
  publisher={Cambridge University Press}
}

% Rivalries
@book{thompson2011,
  title={Handbook of international rivalries},
  author={Thompson, William and Dreyer, David},
  year={2011},
  publisher={CQ Press}
}

@article{van1998offense,
  title={Offense, defense, and the causes of war},
  author={Van Evera, Stephen},
  journal={International Security},
  volume={22},
  number={4},
  pages={5--43},
  year={1998},
  publisher={MIT Press}
}

@book{waltz1979,
  title={Theory of international politics},
  author={Waltz, Kenneth N},
  year={1979},
  publisher={Waveland Press}
}

@book{weeks2014dictators,
  title={Dictators at war and peace},
  author={Weeks, Jessica LP},
  year={2014},
  publisher={Cornell University Press}
}

@book{wendt1999,
  title={Social theory of international politics},
  author={Wendt, Alexander},
  year={1999},
  publisher={Cambridge University Press}
}
